@online{django-tutorial,
	title = {Getting started with Django},
	url = {https://www.djangoproject.com/start/},
	urldate = {2016-02-01}
}

@online{django-rest,
	title = {Django REST Framework},
	url = {http://www.django-rest-framework.org/},
	urldate = {2016-02-01}
}

@online{pyqt4-tutorial,
	title = {PyQt4 tutorial - ZetCode},
	url = {http://zetcode.com/gui/pyqt4/},
	urldate = {2016-02-01}
}

@online{nfcpy,
	title = {Python module for near field communication},
	url = {https://nfcpy.readthedocs.io/en/latest/},
	urldate = {2016-02-01}
}

@online{python-rest,
	title = {Requests: HTTP for Humans - Requests 2.11.1 documentation},
	url = {http://docs.python-requests.org/en/master/},
	urldate = {2016-02-01}
}

@online{sensing-circuit,
	title = {Isolated AC Power Line Interface - Simple Electronics},
	url = {http://www.simple-electronics.com/2012/02/isolated-ac-power-line-interface.html},
	urldate = {2016-02-01}
}

@online{vender-manual,
	title = {Series 90 Single Price Venders Service Manual - Dixie Narco},
	year = {1992},
	url = {http://www.vendingworld.com/Manuals/Dixie/srs90.pdf},
	urldate = {2016-02-01}
}